<?xml version="1.0" encoding="UTF-8"?><collection xmlns="http://www.loc.gov/MARC21/slim"><record><leader>00386nam--2200133-i-4500</leader><controlfield tag="001">000024642</controlfield><controlfield tag="002">20161230</controlfield><controlfield tag="005">20161230201035</controlfield><controlfield tag="008">060222s1000------------r-----000-0-eng-d</controlfield><datafield ind1=" " ind2=" " tag="080"><subfield code="a">531.5(043)</subfield></datafield><datafield ind1=" " ind2=" " tag="100"><subfield code="a">Iordan, Marin</subfield></datafield><datafield ind1=" " ind2=" " tag="245"><subfield code="a">Contributii la studiul producerii si propagarii undelor gravitationale.teza de doctorat</subfield></datafield><datafield ind1=" " ind2=" " tag="260"><subfield code="a">Iasi,Facultatea De Fizica, 1986. 111p</subfield></datafield><datafield ind1=" " ind2=" " tag="852"><subfield code="a">74278</subfield></datafield></record></collection>